%auto-ignore

@Article{Boyle2013,
  title =        {Angular velocity of gravitational radiation from precessing
                  binaries and the corotating frame},
  author =       {Michael Boyle},
  journal =      {Phys. Rev. D},
  volume =       87,
  issue =        10,
  pages =        104006,
  numpages =     22,
  year =         2013,
  month =        sep,
  doi =          {10.1103/PhysRevD.87.104006},
  url =          {http://link.aps.org/doi/10.1103/PhysRevD.87.104006}
}

@Misc{BoyleEtAl:2014,
  title =        {Gravitational-wave modes from precessing black-hole binaries},
  author =       {Michael Boyle and Lawrence E. Kidder and Serguei Ossokine and
                  Harald P. Pfeiffer},
  month =        sep,
  year =         2014,
  eprint =       {1409.4431},
  archivePrefix ={arXiv},
  primaryClass = {gr-qc}
}

@article{Boyle2015a,
  title =        {Transformations of asymptotic gravitational-wave data},
  author =       {Boyle, Michael},
  journal =      {Phys. Rev. D},
  volume =       {93},
  issue =        {8},
  pages =        {084031},
  numpages =     {28},
  year =         {2016},
  month =        {Apr},
  doi = {10.1103/PhysRevD.93.084031},
  url = {http://link.aps.org/doi/10.1103/PhysRevD.93.084031}
}

