@misc{Du:2025dld,
    author = "Du, Zefan and Kan, Shuwen and Stein, Samuel and Liang, Zhiding and Li, Ang and Mao, Ying",
    title = "{Hardware-aware Compilation for Chip-to-Chip Coupler-Connected Modular Quantum Systems}",
    eprint = "2505.09036",
    archivePrefix = "arXiv",
    primaryClass = "quant-ph",
    month = "5",
    year = "2025"
}
