@misc{Jaeger2024Fast,
      title={Fast gradient-free optimization of excitations in variational quantum eigensolvers}, 
      author={Jonas JÃ¤ger and Thierry Nicolas Kaldenbach and Max Haas and Erik Schultheis},
      year={2024},
      eprint={2409.05939},
      archivePrefix={arXiv},
      primaryClass={quant-ph},
      url={https://arxiv.org/abs/2409.05939}, 
      doi={10.48550/arXiv.2409.05939}
}
