@InProceedings{C2,
  author = 	 "Jones, C.D. and Smith, A.B. and Roberts, E.F.",
  booktitle =        "Proceedings Title",
  organization = "IEEE",
  year = 	 "2003",
  volume = 	 "II",
  pages = 	 "803-806"
}

@ARTICLE{QuachEtAlIEEETGRS2021,

  author={Quach, Brandon and Glaser, Yannik and Stopa, Justin Edward and Mouche, Alexis Aurélien and Sadowski, Peter},
  journal={IEEE Transactions on Geoscience and Remote Sensing},
  title={Deep Learning for Predicting Significant Wave Height From Synthetic Aperture Radar},
  year={2021},
  volume={59},
  number={3},
  pages={1859-1867},
  doi={10.1109/TGRS.2020.3003839}
}


@article{PleskachevskyEtAlIJRS2019,
author = {Andrey Pleskachevsky, Sven Jacobsen, Björn Tings and Egbert Schwarz},
title = {Estimation of sea state from Sentinel-1 Synthetic aperture radar imagery for maritime situation awareness},
journal = {International Journal of Remote Sensing},
volume = {40},
number = {11},
pages = {4104-4142},
year = {2019},
publisher = {Taylor & Francis},
doi = {10.1080/01431161.2018.1558377}
}


@article{garello2001wave,
  title={Wave and wind retrieval from SAR images of the ocean},
  author={Garello, Ren{\'e} and Chapron, Bertrand and Johnsen, Harald},
  journal = {Ocean Modelling},
  booktitle={Annales des telecommunications},
  volume={56},
  number={11-12},
  pages={682--699},
  year={2001}
}

@article{hasselmann1991nonlinear,
  title={On the nonlinear mapping of an ocean wave spectrum into a synthetic aperture radar image spectrum and its inversion},
  author={Hasselmann, Klaus and Hasselmann, Susanne},
  journal={Journal of Geophysical Research: Oceans},
  volume={96},
  number={C6},
  pages={10713--10729},
  year={1991},
  publisher={Wiley Online Library}
}

@article{krogstad1992simple,
  title={A simple derivation of Hasselmann's nonlinear ocean-synthetic aperture radar transform},
  author={Krogstad, Harald E},
  journal={Journal of Geophysical Research: Oceans},
  volume={97},
  number={C2},
  pages={2421--2425},
  year={1992}
}

@article{li2010ocean,
  title={Ocean wave integral parameter measurements using Envisat ASAR wave mode data},
  author={Li, Xiao-Ming and Lehner, Susanne and Bruns, Thomas},
  journal={IEEE Transactions on Geoscience and Remote Sensing},
  volume={49},
  number={1},
  pages={155--174},
  year={2010},
  publisher={IEEE}
}

@article{li2019new,
  title={A New Ocean {SAR} Cross-Spectral Parameter: Definition and Directional Property Using the Global Sentinel-1 Measurements},
  author={Li, Huimin and Chapron, Bertrand and Mouche, Alexis and Stopa, Justin E},
  journal={Journal of Geophysical Research: Oceans},
  volume={124},
  number={3},
  pages={1566--1577},
  year={2019},
  publisher={Wiley Online Library}
}

@article{pleskachevsky2019estimation,
  title={Estimation of sea state from Sentinel-1 Synthetic aperture radar imagery for maritime situation awareness},
  author={Pleskachevsky, Andrey and Jacobsen, Sven and Tings, Bj{\"o}rn and Schwarz, Egbert},
  journal={International journal of remote sensing},
  volume={40},
  number={11},
  pages={4104--4142},
  year={2019},
  publisher={Taylor \& Francis}
}

@article{pleskachevsky2022multiparametric,
  title={Multiparametric sea state fields from synthetic aperture radar for maritime situational awareness},
  author={Pleskachevsky, Andrey and Tings, Bj{\"o}rn and Wiehle, Stefan and Imber, James and Jacobsen, Sven},
  journal={Remote Sensing of Environment},
  volume={280},
  pages={113200},
  year={2022},
  publisher={Elsevier}
}

@article{schulz2007empirical,
  title={An empirical approach for the retrieval of integral ocean wave parameters from synthetic aperture radar data},
  author={Schulz-Stellenfleth, Johannes and K{\"o}nig, Thomas and Lehner, Susanne},
  journal={Journal of Geophysical Research: Oceans},
  volume={112},
  number={C3},
  year={2007},
  publisher={Wiley Online Library}
}

@article{stopa2017significant,
  title={Significant wave heights from Sentinel-1 SAR: Validation and applications},
  author={Stopa, Justin E and Mouche, Alexis},
  journal={Journal of Geophysical Research: Oceans},
  volume={122},
  number={3},
  pages={1827--1848},
  year={2017},
  publisher={Wiley Online Library}
}

@misc{topsar,
    title        = {{TOPSAR} Processing},
    author       = {European Space Agency},
    note         = {\url{https://sentinels.copernicus.eu/web/sentinel/technical-guides/sentinel-1-sar/products-algorithms/level-1-algorithms/topsar-processing} - Accessed on January 2024}
}

@misc{level1sar,
    title        = {Processing Level-1},
    author       = {European Space Agency},
    note         = {\url{https://sentinels.copernicus.eu/web/sentinel/user-guides/sentinel-1-sar/product-types-processing-levels/level-1} - Accessed on January 2024}
}
